% Encoding: UTF-8

@inproceedings{Raj2016,
  title={Business Intelligence Solution for an SME: A Case Study},
  author={Raghavendra Raj and Shun Ha Sylvia Wong and A. Beaumont},
  booktitle={KMIS},
  year={2016}
}

@article{Agostino2013,
  author = {Agostino, Alessandro and Søilen, Klaus and Gerritsen, Bart},
  year = {2013},
  month = {12},
  pages = {5-28},
  title = {Cloud solution in Business Intelligence for SMEs –vendor and customer perspectives},
  volume = {3},
  journal = {Journal of Intelligence Studies in Business},
  doi = {10.37380/jisib.v3i3.72}
}

@inproceedings{Fernandes2016,
  author = {Fernandes, Sérgio and Bernardino, Jorge},
  year = {2016},
  month = {01},
  pages = {276-282},
  title = {Cloud Data Warehousing for SMEs},
  doi = {10.5220/0005996502760282}
}

 @article{Durcevic2018, 
    title={Guide for Big Data, Business Intelligence \& Analytics for Small Business},
    url={https://www.datapine.com/blog/business-intelligence-for-small-business/},
    journal={datapine.com},
    author={Durcevic, Sandra},
    year={2018},
    month={11}
}

@article{Schreurs2007,
    author = {Schreurs, Jeanne and ROOX, Dirk and Moreau, Rachel},
    year = {2007},
    month = {12},
    pages = {},
    title = {A data warehouse system in business performance management in SME's}
}
